
@misc{barryBasicFormalOntology2015,
  title = {Basic {{Formal Ontology}} 2.0},
  author = {Barry, Smith and Mauricio, Almeida and Jonathan, Bona and Mathias, Brochhausen},
  year = {2015},
  month = jun
}


